2678 4170
63 205 183 254 xxxiv
490 200 636 251 macas
654 201 797 252 caurus
1152 185 1213 250 201

63 370 213 434 mirifice
228 369 405 451 vigilantie
421 367 594 444 Caninius
611 377 671 450 qui
686 373 757 432 tete
772 376 833 432 sne
859 369 1035 434 censaletri
1060 392 1216 435 somnum

64 479 139 533 nen
154 471 308 534 viderit.”

69 627 152 672 161.
187 618 345 682 mirificus,
373 632 413 681 -a,
442 632 517 682 -um,
553 623 619 682 adj,
668 616 841 682 vigilantia,
864 631 921 680 -ae,
949 636 983 682 r,
1012 622 1217 684 watcbfulnese,

100 689 265 748 wonderful,
277 692 399 753 strange,
412 689 575 737 admirable.
702 688 849 751 vigilance.

536 874 759 882 —————

383 1002 513 1053 ΧΧΧΝ.
542 1001 706 1054 MARCUS
733 1002 899 1056 Bauius.

136 1161 247 1207 Marcus
263 1159 362 1208 ‚Iunius
375 1159 485 1219 Brutus,
499 1161 528 1206 of
541 1173 557 1206 a
569 1158 710 1222 patrician
720 1159 828 1221 family.
863 1159 985 1208 Trained
997 1160 1026 1207 in
1037 1161 1169 1225 boyhood
1178 1166 1216 1224 by

64 1227 110 1276 his
124 1226 214 1285 uncle,
226 1226 297 1275 cato
310 1221 460 1275 Uticensis.
486 1226 526 1283 49,
541 1226 638 1288 icined
650 1227 776 1290 Pompey
797 1227 826 1272 in
840 1225 886 1273 the
904 1227 978 1275 civil
995 1228 1067 1275 War.
1101 1230 1142 1288 48,
1161 1244 1216 1278 was

66 1294 215 1357 pardoned
236 1294 274 1355 by
294 1291 394 1341 Oeesar
414 1293 486 1340 after
504 1291 552 1340 the
575 1293 664 1340 battle
689 1293 720 1340 of
744 1293 901 1351 Pharsalus,
920 1295 975 1342 and
993 1295 1119 1343 received
1136 1299 1216 1360 great

65 1362 163 1409 marks
181 1361 212 1408 ol
232 1361 392 1408 confidence
414 1362 468 1408 and
489 1360 587 1408 honor.
621 1361 662 1417 46,
683 1359 828 1408 Governor
849 1361 879 1407 ol
898 1361 1042 1424 Cisalpine
1062 1363 1141 1411 Gaul.
1175 1364 1216 1421 44,

66 1431 197 1477 Praetor.
231 1428 313 1476 Toolr
325 1442 342 1475 a
355 1428 517 1490 prominent
530 1430 595 1491 part
607 1426 637 1474 in
650 1426 773 1475 Gaesar’s
792 1427 911 1485 murder,
930 1430 984 1476 and
1002 1428 1068 1476 then
1087 1431 1217 1478 assumed

64 1496 171 1559 charge
183 1495 215 1543 oi
226 1495 270 1543 his
283 1495 426 1557 province,
440 1495 613 1543 Macedonia.
637 1495 677 1552 42,
690 1509 745 1542 was
758 1495 884 1542 defeated
897 1495 964 1543 with
977 1495 1089 1545 Cassius
1102 1500 1131 1545 at
1150 1497 1216 1545 Phi·

66 1563 143 1627 lippi
157 1565 195 1625 by
209 1561 346 1612 Octavian
359 1563 413 1609 and
426 1560 546 1623 Antony,
559 1562 614 1608 and
626 1561 790 1608 committed
804 1561 917 1609 suicide.
990 1593 992 1596 .

109 1744 158 1807 Μ.
174 1743 312 1818 Brutus,
329 1765 370 1805 ex
384 1742 442 1805 illa
457 1746 566 1823 gente,
592 1762 678 1823 quae
702 1740 810 1804 Reme
835 1741 1038 1824 Tarquinies
1064 1745 1216 1828 eiecerat,

62 1845 239 1920 oriundus,
254 1842 401 1908 Athenis
414 1841 673 1923 philosophiam,
696 1840 811 1904 Rhodi
833 1841 1060 1924 eloquentiam
1085 1845 1215 1911 didicit.

62 1934 150 2009 Eius
165 1948 271 2024 pater,
287 1951 348 2027 qui
365 1940 478 2006 Sullae
497 1941 651 2022 partibus
677 1941 923 2018 adversabatur,
951 1943 1044 2007 iisse
1070 1945 1214 2026 Pompei

61 2043 266 2109 interfectus
281 2047 366 2122 erat;
382 2043 472 2106 unde
487 2043 614 2105 Brsrtus
629 2064 706 2105 cum
721 2050 761 2104 cd
782 2052 900 2123 graves
926 2049 1073 2124 gesserat
1098 2046 1213 2110 simul-

61 2150 162 2209 tetes:
186 2143 276 2208 belle
291 2147 404 2208 tamen
419 2143 512 2207 civili
525 2146 680 2227 Pompeii
689 2164 833 2218 causam,
860 2142 952 2225 quod
978 2144 1097 2208 iestior
1122 2147 1213 2210 vide·
1252 2173 1269 2216 s

61 2250 164 2322 retur,
181 2249 317 2310 aceritus
331 2243 479 2308 dolerem
494 2265 594 2307 suum
609 2241 816 2324 reipirblicae
839 2242 980 2306 dtiliteti
1005 2245 1212 2324 posthabuit.

61 2345 164 2410 Victe
188 2345 352 2426 Pompeis)
381 2344 508 2408 Brritus
540 2352 560 2406 e
588 2340 730 2406 Caesare
759 2346 910 2406 servetus
939 2348 990 2407 est
1018 2348 1052 2407 et
1080 2352 1214 2426 praetor

60 2448 165 2510 etiam
190 2445 309 2510 factus.
374 2445 497 2508 Poetae
528 2451 616 2519 vere,
646 2465 723 2505 cum
753 2442 875 2506 Caesar
910 2445 1066 2524 superbie
1104 2446 1213 2512 eletas

59 2551 215 2611 sanetum
233 2549 446 2610 contemnere
466 2548 499 2607 et
515 2553 656 2625 regnum
672 2543 828 2606 affectere
854 2544 1028 2624 coepisset,
1055 2547 1211 2627 populus,

58 2650 232 2727 praesenti
253 2649 343 2710 statii
365 2645 460 2708 hand
482 2644 600 2719 laetae,
622 2643 791 2708 vindicem
812 2642 979 2708 libertetis
1008 2648 1268 2729 requ1rebat.10

59 2745 300 2827 Subscripsere
314 2743 455 2828 quidam
479 2743 516 2807 L.
542 2742 644 2807 Bran
667 2747 810 2807 statuae:
846 2743 1013 2808 “Utinam
1038 2751 1210 2812 viveres!”

57 2847 147 2911 Item
172 2847 280 2928 ipsius
305 2844 458 2909 Caesaris
487 2847 632 2907 statuae:
672 2842 837 2919 “Brutus
868 2845 948 2927 quia
977 2854 1072 2928 reges
1100 2848 1209 2926 eiecit,

58 2955 190 3028 primus
207 2945 325 3010 censul
339 2943 450 3009 factus
465 2947 529 3022 est;
545 2944 611 3018 hic,
628 2944 708 3025 quia
731 2944 885 3008 censales
908 2946 1015 3021 eiecit,
1040 2952 1209 3028 postreme

57 3057 115 3110 rex
130 3046 243 3111 lactus
258 3047 339 3110 est.”
391 3036 603 3124 Inscriptum
619 3065 753 3126 quoque
774 3048 826 3108 est
847 3045 894 3108 M.
921 3045 1021 3110 Bran
1045 3052 1209 3128 praeteris

59 3146 234 3212 tribflneII:
259 3150 277 3178 ‘⁴
287 3144 432 3220 Dormis,
452 3143 571 3208 Brute!
583 3145 602 3175 ''
1222 3161 1264 3206 15

98 3246 245 3330 Oegnite
260 3245 379 3327 populi
410 3244 558 3308 Remeni
572 3242 744 3307 voluntete
760 3244 887 3308 Bretus
908 3244 1066 3310 adversus
1088 3247 1206 3313 Caesa-

59 3405 86 3449 2.
123 3397 283 3462 oriundae,
294 3410 334 3459 -a,
344 3409 420 3458 -um‚
438 3399 494 3458 adj.
519 3393 606 3461 (part.
656 3392 850 3458 posthabeo,
873 3398 897 3455 2,
918 3412 953 3455 α.,
971 3399 1050 3461 place
1068 3402 1147 3461 after,
1166 3418 1206 3452 05.

88 3470 121 3528 os
152 3464 253 3530 orior),
288 3466 450 3524 descended,
489 3479 605 3527 sprung,
690 3465 764 3510 tecm
773 3463 838 3537 lesa,
850 3463 921 3511 have
932 3466 986 3513 less
998 3469 1098 3529 regard
1111 3469 1164 3516 for.

91 3537 173 3582 born.
662 3533 714 3578 10.
749 3527 873 3591 vlndeX,
896 3528 973 3592 -icis,
996 3548 1035 3592 ra,
1053 3539 1206 3598 protector,

59 3606 87 3650 5.
123 3598 236 3662 ilistua,
263 3611 304 3661 -a,
331 3609 406 3660 -um,
440 3599 504 3657 adj,
539 3599 607 3660 just,
691 3596 851 3658 champion.

92 3667 178 3731 right,
195 3667 298 3726 lawlul,
316 3681 352 3714 on
370 3664 417 3713 the
435 3666 494 3712 side
512 3665 543 3711 of
559 3664 607 3711 the
662 3667 713 3711 11.
759 3661 1206 3730 sub-scribe,-scr1psi‚.scri.

91 3735 152 3784 law.
691 3728 775 3791 ptua,
784 3740 857 3792 -ere,
870 3734 895 3790 3,
907 3747 944 3790 α.,
953 3734 1038 3782 urite
1044 3737 1186 3784 beneatn.

82 3868 195 3919 aalma.
696 3872 721 3940 β,
736 3885 773 3940 α.,
785 3870 872 3929 write
886 3885 936 3941 cn,
946 3868 1096 3929 inscribe.
