2678 4170
147 153 211 221 190
446 174 609 227 rucuma
628 174 674 227 or
693 173 769 225 rur
788 172 972 228 arroenro
1195 174 1296 226 xxxrr

377 439 492 489 ΧΧΧΙΙ.
522 438 686 491 MARCUS
712 438 820 491 ΟΑΤΟ
848 439 1061 492 oriesiesis.

212 593 322 641 Marcus
335 594 405 642 (lato
418 594 567 653 Uticensis,
581 596 636 643 ofa
649 595 778 657 plebeian
791 609 868 658 gens.
898 595 981 654 Born,
994 598 1035 643 95.
1063 595 1167 644 Aman
1180 597 1290 645 ofstern

145 661 199 708 and
213 660 379 724 unyielding
392 660 535 709 character
548 662 603 709 and
616 661 692 724 rigid
704 661 845 724 morality.
880 665 921 721 67,
933 662 1059 710 Tribuue
1072 663 1103 710 of
1114 663 1164 710 the
1176 664 1290 711 soldiers

144 729 174 775 in
187 728 361 776 Macedonia.
396 731 436 787 65,
450 729 595 786 Quaestor.
629 731 670 788 63,
680 729 806 776 Tribune
818 730 849 776 of
860 728 908 776 the
920 729 1009 792 plebs,
1027 730 1158 792 strongly
1178 731 1289 780 favored

143 797 293 845 execution
303 799 334 846 ot
346 796 393 845 the
405 797 592 846 catilinarian
604 797 807 860 conspirators.
847 799 887 855 58,
900 797 1219 860 Goveruoronyprus.
1252 801 1288 856 56,

144 866 275 914 returned
288 866 344 913 and
356 864 472 927 bitterl)⁷
486 865 613 927 opposed
634 864 681 911 the
702 862 857 912 triumviro.
891 864 932 922 49,
951 864 1126 927 Propraetor
1146 864 1176 912 in
1197 864 1288 926 Sicily.

144 931 184 988 48,
198 946 253 980 was
268 932 394 980 defeated
407 934 436 979 at
449 931 578 994 Thapsus
591 931 621 978 in
633 929 737 988 Africa,
750 930 805 978 and
818 930 984 978 committed
996 929 1111 978 suicide.

186 1095 322 1160 Marcus
352 1095 435 1159 Cata
464 1097 530 1159 iam
560 1117 644 1177 puer
672 1096 837 1160 invictum
867 1095 972 1159 animi
1000 1096 1103 1158 rabur
1132 1096 1285 1160 ostendit.

143 1195 232 1259 Nam
247 1219 324 1260 oum
339 1198 376 1260 in
399 1197 498 1260 domo
520 1196 568 1261 M.
592 1195 695 1260 Drasi
716 1195 876 1260 avunculi
896 1203 951 1260 sui
972 1196 1173 1260 educaretur
1194 1196 1286 1260 etad

143 1318 231 1376 eum,
247 1297 421 1360 tribunum
436 1296 555 1378 plebis,
578 1296 695 1360 Latini
716 1296 917 1360 decivitate
938 1296 1151 1377 impetranda
1173 1306 1284 1361 conva-

143 1399 282 1477 nissent,
299 1407 317 1461 a
333 1397 462 1477 Quinta
476 1397 636 1478 Popedia,
651 1397 850 1460 Latinarum
865 1397 1028 1477 principe,
1050 1397 1158 1461 Drasi
1178 1397 1284 1478 hospi-

143 1503 185 1574 te,
212 1503 357 1581 rogatus,
389 1502 426 1561 ut
455 1498 565 1561 socias
578 1497 669 1578 apud
690 1496 893 1561 avunculum
914 1497 1098 1573 adiuvaret,
1120 1501 1285 1562 canstanti

142 1598 238 1664 vulta
253 1609 323 1663 nan
339 1598 507 1663 factarum
522 1608 559 1662 sa
573 1597 755 1678 respondit.
799 1597 928 1661 Iterum
949 1597 1072 1661 deinde
1093 1605 1135 1660 ac
1156 1599 1285 1678 saepius

141 1700 374 1780 interpellatus
390 1701 426 1762 in
440 1699 613 1780 proposita
627 1698 785 1779 perstitit.
828 1697 924 1761 Tunc
938 1697 1110 1778 Popedius
1132 1698 1169 1761 in
1185 1696 1285 1762 excel-

142 1823 212 1863 sam
225 1800 359 1863 aedium
374 1803 503 1882 partem
514 1799 662 1864 levatum
673 1798 881 1862 abiectarum
894 1797 973 1861 inde
987 1807 1033 1874 sa,
1047 1798 1115 1861 nisi
1131 1798 1285 1878 precibus

142 1901 396 1981 obtemperaret,
410 1901 559 1964 minatus
581 1903 644 1963 est:
666 1920 777 1981 neque
798 1899 862 1962 hac
883 1907 919 1962 ra
939 1899 984 1961 ab
1003 1898 1141 1978 incepta
1163 1906 1285 1962 morari

88 2003 262 2082 ropotuit.
327 2001 423 2065 Tunc
458 1999 629 2081 Popedius
658 1998 860 2063 exclamasse
890 1998 1011 2062 fertur:
1043 2003 1060 2030 ‘⁴
1070 1997 1285 2063 Gratulamur

141 2102 250 2177 nabis,
266 2102 382 2166 Latini
396 2105 430 2165 et
444 2100 537 2176 socii,
552 2100 644 2163 hunc
658 2121 731 2164 esse
745 2103 814 2163 tam
825 2121 979 2180 parvum,
993 2107 1062 2180 qua
1077 2103 1232 2164 senatare
1246 2107 1286 2162 na

141 2211 275 2283 sperare
296 2203 434 2286 quidem
456 2201 555 2264 nabis
577 2200 748 2264 civitatem
769 2199 954 2263 licuisset.”

182 2293 279 2366 ldem
295 2326 372 2367 oum
387 2301 556 2366 salutandi
570 2300 679 2382 gratia
693 2303 922 2381 praetextatus
936 2298 980 2362 ad
995 2297 1125 2363 Sullam
1140 2300 1284 2363 vanisset

141 2407 175 2467 et
190 2404 300 2484 capita
317 2406 581 2484 praescriptarum
604 2402 641 2464 in
665 2400 788 2464 atrium
812 2399 912 2464 allata
934 2399 1093 2490 vidisset,
1109 2399 1283 2463 atracitate

87 2513 128 2558 15
141 2512 191 2568 rei
218 2508 405 2568 commatus
434 2503 666 2584 paedagagum
695 2523 793 2564 suum
823 2500 1050 2581 interrogavit,
1080 2503 1284 2582 quapropter

141 2613 239 2669 namo
263 2606 480 2679 inveniretur,
505 2610 566 2685 qui
599 2606 668 2665 tam
697 2599 865 2665 cradalem
894 2604 1076 2682 tyrannum
1105 2599 1283 2676 occideret;

140 2728 286 2788 cumque
322 2706 360 2780 is,
397 2713 466 2767 nan
501 2703 708 2767 voluntatem
744 2701 949 2776 hominibus
986 2699 1046 2764 sed
1089 2698 1282 2764 facultatem

140 2807 265 2883 deesse,
282 2805 374 2888 quod
388 2804 477 2868 salas
493 2805 565 2867 aius
589 2810 711 2883 magna
735 2800 883 2864 militum
908 2800 1078 2881 praesidia
1102 2799 1281 2865 custadire-

140 2912 204 2983 tur‚
221 2906 458 2987 respondisset,
476 2908 513 2967 ut
528 2903 654 2967 ferrum
670 2902 735 2966 sibi
751 2901 854 2977 daret,
879 2901 1075 2976 obsecravit,
1103 2900 1280 2963 affirmans.

143 3083 172 3127 2.
206 3073 582 3136 Drasus,-i,rr.,coonomen
599 3074 632 3133 of
645 3069 687 3119 Π.
768 3072 910 3131 principat
918 3085 993 3118 roem
1003 3071 1062 3130 osa
1075 3070 1163 3118 house.

173 3141 280 3189 Livius
293 3139 421 3188 Drdsus.
737 3133 894 3198 atracitas,
905 3134 987 3198 -atis,
1004 3151 1038 3196 r,
1055 3137 1206 3199 euormity,
1224 3138 1280 3184 bar-

141 3218 172 3262 4.
206 3206 465 3270 Popedius‚-i,u.,
478 3203 641 3266 Popedius.
771 3204 874 3266 barity.

142 3285 172 3333 7.
205 3273 379 3338 interpello,
391 3278 415 3334 1,
427 3290 462 3334 o.,
475 3274 686 3336 interrupt3im-
742 3276 795 3321 15.
829 3267 1119 3332 paedagagus,·i,n.,
1128 3272 1278 3333 preceptor,

173 3346 400 3411 portune,beset.
771 3339 943 3401 pedagogus.
1011 3401 1023 3409 ·

141 3420 171 3464 8.
205 3411 284 3473 levd,
297 3415 319 3471 1,
332 3427 366 3470 a,
379 3411 426 3458 litt
435 3424 482 3472 up,
495 3408 575 3456 raise.
742 3411 793 3454 16.
827 3404 988 3468 tyrannus,
999 3416 1032 3465 -1,
1047 3418 1088 3464 ru,
1104 3406 1209 3466 tyraut,
1226 3403 1279 3450 des·

144 3486 196 3530 14.
230 3475 352 3539 atrium,
386 3476 418 3537 -ἰ,
443 3491 476 3534 m,
506 3474 619 3532 atrium,
645 3475 686 3520 the
770 3475 830 3536 pot.

176 3722 229 3765 15.
262 3711 490 3775 paedagagum,
519 3711 631 3757 eslere
657 3710 687 3756 of
737 3708 1167 3770 master’sson,toaccompany
1178 3704 1236 3752 him
1252 3703 1277 3749 iu

126 3783 176 3830 the
186 3783 305 3847 highest
316 3783 390 3832 rank
403 3780 497 3831 whose
510 3778 603 3828 duties
620 3791 692 3828 were
738 3775 786 3823 his
801 3775 889 3824 uatus
905 3775 962 3822 aud
975 3777 1007 3822 to
1028 3775 1150 3823 conduct
1172 3772 1231 3820 him
1251 3771 1278 3816 to

114 3852 147 3900 to
178 3866 300 3901 oversee
330 3852 381 3902 the
410 3848 570 3901 education
595 3848 627 3896 ot
648 3846 698 3895 his
750 3839 1014 3893 andtromschoel.
