2678 4170
158 143 219 208 204
458 162 620 214 nnennrn
638 163 685 215 or
703 163 779 213 ran
797 164 981 217 urrunnu
1213 170 1296 220 xxxv

158 327 264 393 Brito
287 330 375 406 tulit,
399 337 461 413 qui
488 331 532 394 ab
560 331 711 396 Antonio
740 331 895 397 Mutinae
923 331 1156 400 obsidebdtur.
1222 335 1298 402 (ium

158 432 269 493 autem
306 430 400 493 urbis
436 430 530 494 aditu
558 433 803 512 prohiberetur,
834 436 873 497 ut
901 431 1045 498 Brutum
1075 434 1121 501 de
1149 439 1299 502 omnibus

103 541 145 586 10
156 531 258 595 rebus
272 531 449 595 certiorem
463 531 598 608 iaceret,
614 541 725 614 primo
739 533 869 598 litteris
893 535 987 598 misit
1013 534 1189 617 plumbeis
1216 538 1299 603 limi-

157 639 211 695 nis
225 636 415 714 inscrIptis,
432 640 516 715 quas
539 632 581 695 ad
608 633 783 696 brachium
808 633 966 715 religitds
992 641 1186 703 urinatores
1213 637 1298 704 Scul-

156 736 292 796 tennam
309 754 440 796 amnem
456 736 669 798 transnantes
684 733 727 796 ad
742 732 886 798 Brutum
901 734 1109 801 deferebant.
1155 737 1250 819 Quin
1271 745 1298 803 et

156 833 274 897 avibus
289 833 509 898 internuntiis
533 833 698 898 litebitur.
759 831 934 899 Oolumbis
958 835 1058 912 enim,
1085 847 1174 921 quis
1201 840 1296 904 incli-

155 941 209 998 sis
224 938 302 997 ante
317 933 407 998 fame
422 933 588 1010 affecerat,
605 934 767 1016 epistulas
782 935 825 998 ad
839 933 963 1000 collum
988 935 1156 1020 religabat
1181 948 1295 1026 easque

102 1041 175 1096 lsi
196 1036 349 1115 proximo
374 1035 551 1099 moenibus
579 1034 653 1098 loeo
682 1035 866 1100 emittebat.
924 1034 1016 1113 Illae,
1047 1036 1135 1103 hicis
1166 1040 1294 1125 cibique

71 1133 73 1137 ’
155 1134 282 1214 avidae,
298 1135 460 1201 altissima
475 1134 704 1199 aedificiorum
718 1139 872 1217 petentes
886 1137 1145 1218 excipiebantur
1160 1147 1181 1204 a
1205 1138 1293 1205 Deci-

155 1241 210 1298 mo
232 1234 351 1300 Brute:
381 1244 442 1319 qui
464 1235 623 1300 eomodo
648 1235 691 1300 de
719 1236 877 1300 omnibus
904 1236 1005 1301 rebus
1032 1239 1157 1303 certior
1186 1239 1292 1315 fiebat,

155 1336 273 1420 utique
295 1339 475 1421 postquam
498 1336 662 1417 disposito
688 1335 890 1418 quibusdam
915 1335 999 1401 locis
1023 1338 1102 1402 cibo
1126 1339 1292 1405 columbis

153 1434 234 1500 illic
248 1435 401 1501 devehite
416 1437 619 1501 instituerat.

98 1551 141 1596 ao
195 1535 328 1601 Bellum
350 1537 545 1601 Mutinense
575 1534 781 1601 Octavianus
809 1537 942 1600 duobus
969 1538 1109 1618 proeliis
1138 1540 1290 1605 confecit:

153 1645 296 1719 quorum
312 1639 348 1700 in
364 1638 468 1701 altero
483 1645 552 1700 ndn
566 1637 663 1700 ducis
680 1635 788 1713 mode,
811 1637 870 1700 sed
892 1636 1012 1701 militis
1034 1639 1138 1703 etiam
1160 1639 1291 1705 finctus

152 1741 203 1800 est
222 1738 335 1801 officio
357 1742 458 1821 atque
481 1739 517 1801 in
547 1736 657 1801 media
686 1737 912 1813 dimicatione,
944 1736 1125 1821 aquilifero
1155 1739 1291 1823 legionis

151 1858 232 1900 suae
247 1838 393 1919 graviter
407 1838 531 1913 saucio,
548 1835 695 1920 aquilam
714 1836 864 1900 humeris
886 1837 1017 1902 subisse
1040 1838 1169 1922 dirique
1192 1840 1292 1904 fertur

151 1941 311 2018 portasse.
369 1938 491 2002 Postea
512 1936 727 2001 reconciliata
750 1958 826 1999 cum
848 1936 998 2027 Antonio
1019 1939 1130 2020 gritia
1160 1940 1292 2005 iunctis·

98 2049 139 2095 aa
152 2058 218 2120 que
234 2060 311 2101 cum
327 2047 366 2102 eo
386 2039 502 2119 copiis,
526 2042 564 2102 ut
586 2036 667 2102 Gaii
689 2036 841 2102 Caesaris
862 2059 979 2102 necem
1002 2037 1234 2118 ulcisceretur,
1255 2041 1292 2105 ad

152 2139 270 2201 urbem
305 2138 474 2202 hostiliter
503 2139 643 2202 accessit
672 2138 841 2220 misitque,
872 2145 934 2221 qui
962 2139 1099 2203 mimine
1129 2142 1292 2206 exercitis

152 2238 218 2301 sibi
248 2239 459 2302 consulatum
495 2239 722 2318 deposcerent.
766 2237 956 2302 Ounctante
984 2243 1104 2304 senatu
1133 2243 1291 2315 centurio,

151 2346 310 2419 princeps
325 2338 513 2420 legationis,
529 2339 653 2402 reiecto
669 2338 795 2420 sagulo,
811 2337 992 2402 ostendens
1013 2337 1121 2421 gladii
1143 2341 1295 2422 capulum

153 2512 183 2556 8.
218 2504 464 2570 Mutina‚-ae‚r.‚
478 2509 702 2567 acue-Maca.
758 2513 811 2556 19.
846 2502 978 2569 (ἰῶ-110111,
989 2535 1031 2569 -,
1042 2535 1085 2570 -,
1096 2511 1171 2573 -ᾶτθ,
1185 2514 1208 2570 1,
1222 2526 1255 2570 a„
1267 2511 1298 2572 dy

154 2579 183 2623 9.
218 2572 331 2636 aeditua,
354 2576 412 2637 -118,
429 2590 467 2634 m,
486 2575 639 2638 approach,
658 2590 702 2623 ac·
787 2575 868 2623 down
880 2589 912 2621 or
924 2588 1010 2636 away.

184 2656 252 2690 cess.
755 2646 809 2690 20.
845 2637 1044 2703 Mutinensis,
1073 2652 1113 2703 -ο,
1136 2644 1204 2704 adj„
1228 2645 1259 2692 of
1273 2658 1299 2690 or

155 2713 207 2757 10.
242 2705 416 2769 plumbeuS,
449 2719 490 2769 -α,
523 2719 598 2768 -um,
636 2709 700 2768 adj„
786 2711 815 2756 at
829 2708 948 2756 Mutina.

183 2776 289 2822 lesden.
755 2779 809 2823 23.
844 2771 1299 2837 saucius,·a,·um,adj.,wound-

151 2838 276 2900 lamina,
288 2852 346 2901 -αθ,
359 2856 392 2899 n,
404 2841 466 2888 thin
480 2841 563 2903 plato,
576 2841 639 2889 leaf.
785 2842 826 2889 ed.

156 2912 208 2955 11.
244 2906 393 2968 urinaton
404 2905 488 2968 oris,
499 2922 538 2966 n,
552 2908 638 2955 diver.
754 2912 808 2959 2¹7.
844 2904 998 2968 ‹ie-poseo,
1011 2906 1161 2968 poposci,
1173 2935 1217 2972 —,
1233 2919 1299 2969 -era,

151 2970 330 3036 Scultenna,
341 2986 399 3035 -ae‚
411 2989 444 3032 r.,
456 2990 474 3022 a
486 2978 568 3032 ricem
580 2975 610 3022 M
618 2977 641 3032 3,
650 2989 665 3022 e
674 2977 699 3022 2.
784 2977 807 3033 3,
821 2989 856 3032 aa,
870 2974 998 3031 demand,
1011 2973 1104 3022 claim.

156 3046 208 3089 13.
242 3038 475 3102 inter-nuntius,
486 3040 518 3102 -i,
530 3057 569 3100 m,
579 3056 699 3090 messen-
753 3046 808 3090 28.
843 3037 948 3103 riicid,
958 3037 1038 3103 -ieci,
1049 3037 1172 3103 -iectus,
1188 3052 1262 3105 -ere,
1277 3045 1297 3100 3,

184 3123 242 3170 ger.
580 3151 586 3156 .
784 3123 819 3167 aa,
833 3108 923 3157 throw
937 3108 1011 3156 back
1029 3109 1118 3155 oroff.

151 3171 302 3237 columba,
313 3187 371 3237 -αθ,
382 3191 414 3235 u,
427 3178 506 3234 dove,
519 3175 632 3238 pigaon.
749 3171 905 3236 sagulum,
928 3173 961 3236 -i,
978 3189 1014 3233 u,
1032 3189 1051 3222 a
1073 3176 1158 3224 small
1180 3177 1299 3234 military

156 3247 208 3291 16.
242 3240 425 3303 aedificium,
447 3240 479 3304 -ῑ,
502 3258 535 3301 n,
561 3242 697 3306 building‚
782 3243 872 3290 cloak.

185 3310 278 3358 house.
724 3303 728 3370 1
751 3305 889 3368 capulus,
902 3305 934 3367 -i,
945 3322 984 3366 m,
997 3307 1107 3366 handle,
1119 3307 1182 3356 hilt.

152 3567 200 3613 der
218 3563 319 3611 Caesar
338 3562 368 3609 in
386 3562 433 3609 the
452 3561 542 3610 Gallio
561 3561 615 3609 and
634 3560 702 3608 civil
753 3562 822 3621 tony
835 3559 895 3608 who
908 3559 962 3607 had
978 3559 1113 3609 obtained
1128 3560 1152 3609 it
1166 3561 1242 3609 from
1254 3558 1298 3608 the

151 3644 230 3689 wars,
260 3629 314 3677 and
338 3642 393 3676 was
417 3630 454 3690 by
479 3628 537 3674 him
558 3627 702 3690 promised
754 3626 863 3688 peopla.
914 3625 1028 3688 Antony
1057 3626 1127 3689 kept
1161 3626 1221 3675 him
1255 3629 1297 3675 be·

152 3697 295 3759 Cisalpine
309 3695 387 3754 Gaul,
400 3698 430 3742 to
443 3694 533 3743 which
545 3694 578 3742 he
596 3694 702 3757 repair-
754 3693 849 3756 sieged
873 3693 903 3740 in
927 3692 1037 3740 Mutina
1061 3693 1135 3740 until
1159 3693 1206 3742 the
1226 3694 1297 3763 siege

152 3767 186 3814 ed
198 3766 270 3813 after
284 3762 407 3811 Caesar's
420 3761 512 3810 death.
541 3762 584 3809 He
592 3762 702 3810 refused
754 3774 809 3808 was
822 3759 913 3808 raised
926 3761 964 3823 by
977 3758 1157 3813 Octavianus·

152 3836 183 3890 to
201 3831 347 3883 surrender
366 3829 422 3877 this
441 3829 578 3893 province
596 3831 626 3881 to
649 3827 702 3881 An·
